<?xml version="1.0" encoding="UTF-8"?><record xmlns="http://www.loc.gov/MARC21/slim" xmlns:cinclude="http://apache.org/cocoon/include/1.0" xmlns:zs="http://www.loc.gov/zing/srw/">
  <leader>00345cz  a2200121n  4500</leader>
  <controlfield tag="001">n  86057297 </controlfield>
  <controlfield tag="003">DLC</controlfield>
  <controlfield tag="005">19890725132834.9</controlfield>
  <controlfield tag="008">870508n| acannaab|          |n aaa |||  </controlfield>
  <datafield tag="010" ind1=" " ind2=" ">
    <subfield code="a">n  86057297 </subfield>
    <subfield code="z">n  86049149 </subfield>
  </datafield>
  <datafield tag="040" ind1=" " ind2=" ">
    <subfield code="a">DLC</subfield>
    <subfield code="c">DLC</subfield>
    <subfield code="d">DLC</subfield>
  </datafield>
  <datafield tag="100" ind1="1" ind2="0">
    <subfield code="a">Koepp, Donna P.</subfield>
  </datafield>
  <datafield tag="670" ind1=" " ind2=" ">
    <subfield code="a">Exploration and mapping of the American West, 1986:</subfield>
    <subfield code="b">t.p. (Donna P. Koepp)</subfield>
  </datafield>
</record>